@inproceedings{Guo2011,
  title={The LED block cipher},
  author={Guo, Jian and Peyrin, Thomas and Poschmann, Axel and Robshaw, Matt},
  booktitle={International Workshop on Cryptographic Hardware and Embedded Systems},
  pages={326--341},
  year={2011},
  organization={Springer}
}

@inproceedings{Dinur2013,
	title={Key recovery attacks on 3-round Even-Mansour, 8-step LED-128, and full AES2},
	author={Dinur, Itai and Dunkelman, Orr and Keller, Nathan and Shamir, Adi},
	booktitle={International Conference on the Theory and Application of Cryptology and Information Security},
	pages={337--356},
	year={2013},
	organization={Springer}
}
